@article{volunteer-registry,
	title={Market design for altruistic supply: Evidence from the Lab},
	author={Slonim, Robert and Wang, Carmen},
	year={2016}
}

@article{blood-registry,
	title={Redesigning the Market for Volunteers: A Donor Registry},
	author={Garbarino, Ellen and Heger, Stephanie A and Slonim, Robert and Wang, Carmen},
	year={2017}
}

@techreport{refugee,
	title={Refugee resettlement},
	author={Delacr{\'e}taz, David and Kominers, Scott Duke and Teytelboym, Alexander},
	year={2016},
	institution={Working Paper}
}

@article{blood-market,
	title={The Market for Blood},
	author={Ellen, Garbarino and Robert, Slonim and Carmen, Wang},
	journal={Journal of Economic Perspectives},
	year={2014}
}

@article{nonprofit-stats,
	title={The nonprofit sector in brief 2014},
	author={McKeever, Brice S and Pettijohn, Sarah L},
	journal={Washington, DC: Urban Institute},
	year={2014}
}

@misc{too-many-nonprofits, 
	title={We have too many nonprofits. Here's why that matters.}, url={http://www.chicagobusiness.com/article/20170617/ISSUE01/170619895/we-have-too-many-nonprofits-heres-why-that-matters}, journal={Crain's Chicago Business}, 
	author={Bertagnoli, Lisa}
}

@misc{maryland-food, 
	title={Food bank needs more volunteers to handle increase in donated food}, url={http://www.baltimoresun.com/ph-ca-at-food-bank-volunteers-0801-20120730-story.html}, 
	journal={baltimoresun.com}, 
	author={Conlin, bconlin@patuxent.com Brian}, 
	year={2012}, 
	month={Jul}
}

@misc{angel-food, 
	title={Project Angel Food Among The Charitable Groups Facing Volunteer Shortage}, url={http://losangeles.cbslocal.com/2017/11/24/project-angel-food-among-the-charitable-groups-facing-volunteer-shortage/}, 
	journal={CBS Los Angeles}, 
	year={2017}, 
	month={Nov}
}

@misc{managing-volunteers, 
	title={Managing Unaffiliated Volunteers in Times of Disaster}, url={https://www.nationalservice.gov/resources/disaster-services/managing-unaffiliated-volunteers-times-disaster}, 
	journal={Corporation for National and Community Service}
}