@article{wae,
	title={Wasserstein Auto-Encoders},
	author={Tolstikhin, Ilya and Bousquet, Olivier and Gelly, Sylvain and Schoelkopf, Bernhard},
	journal={arXiv preprint arXiv:1711.01558},
	year={2017}
}