@article{fico-criteria,
  title={5 building blocks of a great scoring system},
  journal={FICO},
  year={2015}
}

@article{ml-for-risk,
  title={Consumer credit-risk models via machine-learning algorithms},
  author={Khandani, Amir E and Kim, Adlar J and Lo, Andrew W},
  journal={Journal of Banking \& Finance},
  volume={34},
  number={11},
  pages={2767--2787},
  year={2010},
  publisher={Elsevier}
}

@article{slim,
  title={Supersparse linear integer models for optimized medical scoring systems},
  author={Ustun, Berk and Rudin, Cynthia},
  journal={Machine Learning},
  volume={102},
  number={3},
  pages={349--391},
  year={2016},
  publisher={Springer}
}

@inproceedings{risk-slim,
  title={Optimized Risk Scores},
  author={Ustun, Berk and Rudin, Cynthia},
  booktitle={Proceedings of the 23rd ACM SIGKDD International Conference on Knowledge Discovery and Data Mining},
  pages={1125--1134},
  year={2017},
  organization={ACM}
}

@article{nn-scoring-models,
  title={Neural network credit scoring models},
  author={West, David},
  journal={Computers \& Operations Research},
  volume={27},
  number={11-12},
  pages={1131--1152},
  year={2000},
  publisher={Elsevier}
}

@article{disparate-impact,
  title={Fairness constraints: Mechanisms for fair classification},
  author={Zafar, Muhammad Bilal and Valera, Isabel and Gomez Rodriguez, Manuel and Gummadi, Krishna P},
  journal={arXiv preprint arXiv:1507.05259},
  year={2017}
}

@article{ml-review,
  title={Supervised machine learning: A review of classification techniques},
  author={Kotsiantis, Sotiris B and Zaharakis, I and Pintelas, P},
  journal={Emerging artificial intelligence applications in computer engineering},
  volume={160},
  pages={3--24},
  year={2007}
}

@inproceedings{nn-interpretable,
  title={Making machine learning models interpretable.},
  author={Vellido, Alfredo and Mart{\'\i}n-Guerrero, Jos{\'e} David and Lisboa, Paulo JG},
  booktitle={ESANN},
  volume={12},
  pages={163--172},
  year={2012},
  organization={Citeseer}
}

@article{stroke,
  title={Validation of clinical classification schemes for predicting stroke: results from the National Registry of Atrial Fibrillation},
  author={Gage, Brian F and Waterman, Amy D and Shannon, William and Boechler, Michael and Rich, Michael W and Radford, Martha J},
  journal={Jama},
  volume={285},
  number={22},
  pages={2864--2870},
  year={2001},
  publisher={American Medical Association}
}

@inproceedings{disparate-mistreatment,
  title={Fairness beyond disparate treatment \& disparate impact: Learning classification without disparate mistreatment},
  author={Zafar, Muhammad Bilal and Valera, Isabel and Gomez Rodriguez, Manuel and Gummadi, Krishna P},
  booktitle={Proceedings of the 26th International Conference on World Wide Web},
  pages={1171--1180},
  year={2017},
  organization={International World Wide Web Conferences Steering Committee}
}

@misc{data,
  title={UCI machine learning repository},
  author={Bache, Kevin and Lichman, Moshe},
  year={2013}
}

@article{benchmarks,
  title={Benchmarking state-of-the-art classification algorithms for credit scoring: An update of research},
  author={Lessmann, Stefan and Baesens, Bart and Seow, Hsin-Vonn and Thomas, Lyn C},
  journal={European Journal of Operational Research},
  volume={247},
  number={1},
  pages={124--136},
  year={2015},
  publisher={Elsevier}
}